@inproceedings{akbari2019multi,
  title     = {Multi-level multimodal common semantic space for image-phrase grounding},
  author    = {Akbari, Hassan and Karaman, Svebor and Bhargava, Surabhi and Chen, Brian and Vondrick, Carl and Chang, Shih-Fu},
  booktitle = {Proceedings of the IEEE/CVF Conference on Computer Vision and Pattern Recognition},
  pages     = {12476--12486},
  year      = {2019}
}

@article{arbelle2021detector,
  title   = {Detector-Free Weakly Supervised Grounding by Separation},
  author  = {Arbelle, Assaf and Doveh, Sivan and Alfassy, Amit and Shtok, Joseph and Lev, Guy and Schwartz, Eli and Kuehne, Hilde and Levi, Hila Barak and Sattigeri, Prasanna and Panda, Rameswar and others},
  journal = {arXiv preprint arXiv:2104.09829},
  year    = {2021}
}

@inproceedings{chen2018knowledge,
  title     = {Knowledge aided consistency for weakly supervised phrase grounding},
  author    = {Chen, Kan and Gao, Jiyang and Nevatia, Ram},
  booktitle = {Proceedings of the IEEE Conference on Computer Vision and Pattern Recognition},
  pages     = {4042--4050},
  year      = {2018}
}

@inproceedings{datta2019align2ground,
  title     = {Align2ground: Weakly supervised phrase grounding guided by image-caption alignment},
  author    = {Datta, Samyak and Sikka, Karan and Roy, Anirban and Ahuja, Karuna and Parikh, Devi and Divakaran, Ajay},
  booktitle = {Proceedings of the IEEE/CVF International Conference on Computer Vision},
  pages     = {2601--2610},
  year      = {2019}
}

@article{javed2018learning,
  title   = {Learning unsupervised visual grounding through semantic self-supervision},
  author  = {Javed, Syed Ashar and Saxena, Shreyas and Gandhi, Vineet},
  journal = {arXiv preprint arXiv:1803.06506},
  year    = {2018}
}

@inproceedings{ramanishka2017top,
  title     = {Top-down visual saliency guided by captions},
  author    = {Ramanishka, Vasili and Das, Abir and Zhang, Jianming and Saenko, Kate},
  booktitle = {Proceedings of the IEEE conference on computer vision and pattern recognition},
  pages     = {7206--7215},
  year      = {2017}
}

@article{rigoni2021better,
  title   = {A Better Loss for Visual-Textual Grounding},
  author  = {Rigoni, Davide and Serafini, Luciano and Sperduti, Alessandro},
  journal = {arXiv preprint arXiv:2108.05308},
  year    = {2021}
}

@inproceedings{wang2019phrase,
  title     = {Phrase localization without paired training examples},
  author    = {Wang, Josiah and Specia, Lucia},
  booktitle = {Proceedings of the IEEE/CVF International Conference on Computer Vision},
  pages     = {4663--4672},
  year      = {2019}
}
